@Book{xie2015,
  title = {Dynamic Documents with {R} and knitr},
  author = {Yihui Xie},
  publisher = {Chapman and Hall/CRC},
  address = {Boca Raton, Florida},
  year = {2015},
  edition = {2nd},
  note = {ISBN 978-1498716963},
  url = {http://yihui.org/knitr/},
}
@Book{Peng2017,
  title = {Mastering Software Development in R},
  author = {Roger D. Peng},
  publisher = {Leanpub},
  address = {Boca Raton, Florida},
  year = {2017},
  note = {ISBN 978-1498716963},
  url = {http://leanpub.com/msdr},
}
@Book{Velkov2009,
  title = {Съвременни решения за обмен на статистически данни},
  author = {Борис Велков},
  publisher = {International conference “Applied Statistics and Informatics –Modern Approaches and Methods” },
  address = {Ravda, Bulgaria},
  year = {2009},
}
@Recommendation {W3Ctab,
  title = {Model for Tabular Data and Metadata on the Web},
  publisher = {W3C” },
  year = {2015},
  url = {https://www.w3.org/TR/tabular-data-model/},
}

